<?xml version="1.0" encoding="UTF-8" ?><marc:collection xmlns:marc="http://www.loc.gov/MARC21/slim" xmlns:xsi="http://www.w3.org/2001/XMLSchema-instance" xsi:schemaLocation="http://www.loc.gov/MARC21/slim http://www.loc.gov/standards/marcxml/schema/MARC21slim.xsd">
<marc:record><marc:leader>00899cpc a2200205Ia 4500</marc:leader>
<marc:controlfield tag="001">002138368</marc:controlfield>
<marc:controlfield tag="005">20111216161218.0</marc:controlfield><marc:controlfield tag="008">960712i1870uuuufr                  fre d</marc:controlfield><marc:datafield tag="035" ind1=" " ind2=" "><marc:subfield code="a">35073618</marc:subfield></marc:datafield><marc:datafield tag="040" ind1=" " ind2=" "><marc:subfield code="a">NDK</marc:subfield><marc:subfield code="c">NDK</marc:subfield><marc:subfield code="d">NDD</marc:subfield></marc:datafield><marc:datafield tag="049" ind1=" " ind2=" "><marc:subfield code="a">NDDP</marc:subfield></marc:datafield><marc:datafield tag="100" ind1="1" ind2=" "><marc:subfield code="a">Blumenthal, Cellier de.</marc:subfield></marc:datafield><marc:datafield tag="245" ind1="1" ind2="0"><marc:subfield code="a">Cellier de Blumenthal papers,</marc:subfield><marc:subfield code="f">1870 and undated,</marc:subfield><marc:subfield code="b">[Paris], to the Mayor of Paris.</marc:subfield></marc:datafield><marc:datafield tag="300" ind1=" " ind2=" "><marc:subfield code="a">8</marc:subfield><marc:subfield code="f">items.</marc:subfield></marc:datafield><marc:datafield tag="500" ind1=" " ind2=" "><marc:subfield code="a">Forms part of the History of Medicine Trent Manuscripts Collection.</marc:subfield></marc:datafield><marc:datafield tag="545" ind1=" " ind2=" "><marc:subfield code="a">Head of the voluntary nurses of the third district during the siege of Paris by the Prussians in 1870.</marc:subfield></marc:datafield><marc:datafield tag="520" ind1="8" ind2=" "><marc:subfield code="a">2 letters (ALS) relating to Blumenthal's efforts to address allegations by a group of women that she is a Prussian. Includes transcription and translation of both letters.</marc:subfield></marc:datafield><marc:datafield tag="541" ind1=" " ind2=" "><marc:subfield code="a">Source unknown.</marc:subfield></marc:datafield><marc:datafield tag="600" ind1="1" ind2="0"><marc:subfield code="a">Blumenthal, Cellier de.</marc:subfield></marc:datafield><marc:datafield tag="710" ind1="2" ind2=" "><marc:subfield code="a">History of Medicine Collections (Duke University)</marc:subfield></marc:datafield></marc:record>
</marc:collection>
